@article{liaohua2019,
  title={中国农村居民生活用能现状, 问题与应对},
  author={廖华},
  journal={www. bifa88. com-88bifa 必发官网-bifa88 学报 (社会科学版)},
  number={2},
  pages={1--5},
  year={2019},
  publisher={www. bifa88. com-88bifa 必发官网-bifa88 学报 (社会科学版)}
}

@article{sufang2022,
  title={收入多样性对农户能源消费结构的影响——以陕南秦巴山区为例},
  author={苏芳, 梁秀芳, 尚海洋, 苗志娟},
  journal={资源开发与市场},
  volume={38},
  number={1},
  pages={8},
  year={2022},
}

@book{zhengxinye2016,
  title={中国家庭能源消费研究报告: 2015},
  author={郑新业},
  year={2016},
  publisher={科学出版社}
}

@article{jiangweijun2021,
  title={互联网使用能否促进农户主动采纳秸秆还田技术——基于内生转换Probit 模型的实证分析},
  author={姜维军 and 颜廷武 and 张俊飚},
  journal={农业技术经济},
  year={2021},
}

@article{2015Information,
  title={Information dissemination-diffusion and marine protected area approval in the Philippines},
  author={ Knight, D. W.  and  Allegretti, A. M.  and  Vaske, J. J. },
  journal={Ocean & Coastal Management},
  volume={113},
  number={aug.},
  pages={38-46},
  year={2015},
}

@article{2010Knowledge,
  title={Knowledge spill-overs, innovation and regional development},
  author={ Groot, Hlfd  and  Nijkamp, P.  and  Acs, Z. },
  journal={Papers in Regional Science},
  volume={80},
  number={3},
  pages={249-253},
  year={2010},
}

@article{liwenhuan2021,
  title={互联网使用有助于农户参与黑土地质量保护吗?},
  author={李文欢 and 王桂霞},
  journal={干旱区资源与环境},
  volume={35},
  number={7},
  pages={8},
  year={2021},
}

@article{yanbeibei2020,
  title={手机使用能促进农户采用IPM技术吗},
  author={闫贝贝 and 张强强 and 刘天军},
  journal={农业技术经济},
  number={5},
  pages={15},
  year={2020},
}

@article{xuzhuqing2013,
  title={"数字鸿沟"还是"信息红利"?信息的有效供给与农民的销售价格——一个微观角度的实证研究},
  author={许竹青 and 郑风田 and 陈洁},
  journal={经济学（季刊）},
  number={3},
  pages={24},
  year={2013},
}

@article{2008Modeling,
  title={Modeling Energy and Development: An Evaluation of Models and Concepts},
  author={ Ruijven, B. V.  and F Urban and  Benders, Rmj  and  Moll, H. C.  and  Sluijs, Jpvd  and  Vries, B. D.  and  Vuuren, Dpv },
  journal={World Development},
  volume={36},
  number={12},
  pages={2801-2821},
  year={2008},
}

@article{weichu2017,
  title={中国农村居民煤炭消费及影响因素研究},
  author={魏楚 and 王丹 and 吴宛忆 and 谢伦裕},
  journal={中国人口·资源与环境},
  volume={27},
  number={9},
  pages={8},
  year={2017},
}

@article{luhui2006,
  title={农民收入水平对农村家庭能源消费结构影响的实证分析},
  author={陆慧 and 卢黎},
  journal={财贸研究},
  volume={17},
  number={3},
  pages={28-34},
  year={2006},
}